@book{reyes2019drones,
  title={Drones: Cinemática, Dinámica y Control de Cuadricópteros},
  author={Reyes, Fernando},
  year={2019},
  publisher={Alfaomega grupo editor}
}

@article{gunnel2017tuning,
  title={Tuning Pid Controller Using Genetic algorithm And particle Swarm optimization Algorithm For Single propeller Pendulum},
  author={Gunnel, Onur and Ankarali, Arif},
  journal={ICAME2017},
  year={2017}
}

@inproceedings{nemati2014modeling,
  title={Modeling and control of a single axis tilting quadcopter},
  author={Nemati, Alireza and Kumar, Manish},
  booktitle={2014 American Control Conference},
  pages={3077--3082},
  year={2014},
  organization={IEEE}
}


@inproceedings{schulz2015high,
  title={High-speed, steady flight with a quadrocopter in a confined environment using a tether},
  author={Schulz, Maximilian and Augugliaro, Federico and Ritz, Robin and D'Andrea, Raffaello},
  booktitle={2015 IEEE/RSJ International Conference on Intelligent Robots and Systems (IROS)},
  pages={1279--1284},
  year={2015},
  organization={IEEE}
}

@article{koehl2012aerodynamic,
  title={Aerodynamic modelling and experimental identification of a coaxial-rotor UAV},
  author={Koehl, Arnaud and Rafaralahy, Hugues and Boutayeb, Mohamed and Martinez, Bastien},
  journal={Journal of Intelligent \& Robotic Systems},
  volume={68},
  number={1},
  pages={53--68},
  year={2012},
  publisher={Springer}
}

@article{mellinger2012trajectory,
  title={Trajectory generation and control for precise aggressive maneuvers with quadrotors},
  author={Mellinger, Daniel and Michael, Nathan and Kumar, Vijay},
  journal={The International Journal of Robotics Research},
  volume={31},
  number={5},
  pages={664--674},
  year={2012},
  publisher={SAGE Publications Sage UK: London, England}
}

@inproceedings{gill2017propeller,
  title={Propeller thrust and drag in forward flight},
  author={Gill, Rajan and D'Andrea, Raffaello},
  booktitle={2017 IEEE Conference on Control Technology and Applications (CCTA)},
  pages={73--79},
  year={2017},
  organization={IEEE}
}